@Article{CossentinoGaudHilaireGallandKoukam2010_1,
	doi = {10.1007/s10458-009-9099-4},
	journal = {Autonomous Agents and Multi-Agent Systems},
	keywords = {Agent oriented software engineering, Complex hierarchical systems, Design methodology, Holonic multiagent systems, Software development process},
	language = {english},
	month = mar,
	number = {2},
	pages = {260-304},
	publisher = {Springer},
	volume = {2},
	year = 2010,
	title = {{ASPECS}: an agent-oriented software process for engineering complex systems - How to design agent societies under a holonic perspective},
	author = {Cossentino, Massimo and Gaud, Nicolas and Hilaire, Vincent and Galland, St{\'e}phane and Koukam, Abderrafiaa},
}


@Article{GaudGallandGechterHilaireKoukam2008_2,
	doi = {10.1016/j.simpat.2008.08.015},
	journal = {Simulation Modelling Practice and Theory},
	keywords = {Multi-agent based simulation; Multilevel modeling; Holonic multi-agent systems; Holonic multi-agent multilevel simulation},
	month = nov,
	number = {10},
	pages = {1659-1676},
	volume = {16},
	year = 2008,
	title = {Holonic multilevel simulation of complex systems: Application to real-time pedestrians simulation in virtual urban environment},
	author = {Gaud, Nicolas and Galland, St{\'e}phane and Gechter, Franck and Hilaire, Vincent and Koukam, Abderrafiaa},
}


@Inproceedings{GallandGaudKoukam2008_3,
	booktitle = {the 10th International Conference on Computer Modeling and Simulation (EUROSIM-UKSIM 2008)},
	doi = {10.1109/UKSIM.2008.36},
	isbn = {978-0-7695-3114-4},
	keywords = {Multiagent-based Simulation, Multilevel Simulation, Holonic Multiagent Systems, Complex Systems},
	month = apr,
	pages = {180-185},
	publisher = {IEEE Computer Society},
	year = 2008,
	title = {Towards a Multilevel Simulation Approach Based on Holonic Multiagent Systems},
	author = {Galland, St{\'e}phane and Gaud, Nicolas and Koukam, Abderrafiaa},
}

