@article{Harel,
 author = {Harel, David},
 title = {Statecharts:  A visual formalism for complex systems},
 journal = {Sci. Comput. Program.},
 issue_date = {June 1, 1987},
 volume = {8},
 number = {3},
 month = jun,
 year = {1987},
 issn = {0167-6423},
 pages = {231--274},
 numpages = {44},
 url = {http://dx.doi.org/10.1016/0167-6423(87)90035-9},
 doi = {10.1016/0167-6423(87)90035-9},
 acmid = {34886},
 publisher = {Elsevier North-Holland, Inc.},
 address = {Amsterdam, The Netherlands, The Netherlands},
} 

